@article{moore1991digital,
  title={Digital terrain modelling: a review of hydrological, geomorphological, and biological applications},
  author={Moore, Ian Donald and Grayson, RB and Ladson, AR},
  journal={Hydrological processes},
  volume={5},
  number={1},
  pages={3--30},
  year={1991},
  publisher={Wiley Online Library}
}


@article{beven1979,
author = { K. J.   Beven  and  M. J.   Kirkby },
title = {A physically based, variable contributing area model of basin hydrology / Un modèle à base physique de zone d'appel variable de l'hydrologie du bassin versant},
journal = {Hydrological Sciences Bulletin},
volume = {24},
number = {1},
pages = {43-69},
year  = {1979},
publisher = {Taylor & Francis},
doi = {10.1080/02626667909491834},
}


@article{singh1994accuracy,
  title={Accuracy of kinematic wave and diffusion wave approximations for space independent flows},
  author={Singh, VP},
  journal={Hydrological Processes},
  volume={8},
  number={1},
  pages={45--62},
  year={1994},
  publisher={Wiley Online Library}
}


@article{moramarco2002accuracy,
  title={Accuracy of kinematic wave and diffusion wave for spatial-varying rainfall excess over a plane},
  author={Moramarco, T and Singh, VP},
  journal={Hydrological processes},
  volume={16},
  number={17},
  pages={3419--3435},
  year={2002},
  publisher={Wiley Online Library}
}

@article{bavcova2016application,
  title={Application of Historical and Recent Aerial Imagery in Monitoring Water Erosion Occurrences in Czech Highlands.},
  author={B{\'a}{\v{c}}ov{\'a}, Mark{\'e}ta and Krasa, Josef},
  journal={Soil \& Water Research},
  volume={11},
  number={4},
  year={2016}
}



@article{DEJONG1999291,
title = "Regional assessment of soil erosion using the distributed model SEMMED and remotely sensed data",
journal = "CATENA",
volume = "37",
number = "3",
pages = "291 - 308",
year = "1999",
issn = "0341-8162",
doi = "https://doi.org/10.1016/S0341-8162(99)00038-7",
url = "http://www.sciencedirect.com/science/article/pii/S0341816299000387",
author = "S.M. de Jong and M.L. Paracchini and F. Bertolo and S. Folving and J. Megier and A.P.J. de Roo",
keywords = "Soil erosion model, Remote sensing, Spectral unmixing, Mediterranean regions"
}

@article{mhangara2012soil,
  title={Soil erosion risk assessment of the Keiskamma catchment, South Africa using GIS and remote sensing},
  author={Mhangara, Paidamwoyo and Kakembo, Vincent and Lim, Kyoung Jae},
  journal={Environmental earth sciences},
  volume={65},
  number={7},
  pages={2087--2102},
  year={2012},
  publisher={Springer}
}
