@article{Auerswald2009,
author = {Auerswald, K and Fiener, P and Dikau, R},
doi = {10.1016/j.geomorph.2009.04.018},
issn = {0169555X},
journal = {Geomorphology},
number = {3-4},
pages = {182--193},
title = {{Rates of sheet and rill erosion in Germany â€” A meta-analysis}},
url = {http://linkinghub.elsevier.com/retrieve/pii/S0169555X09001871},
volume = {111},
year = {2009}
}
